@String(jan = "January")
@String(feb = "February")
@String(mar = "March")
@String(apr = "April")
@String(may = "May")
@String(jun = "June")
@String(jul = "July")
@String(aug = "August")
@String(sep = "September")
@String(oct = "October")
@String(nov = "November")
@String(dec = "December")

@String(acm             = "ACM Press")
@String(acm_adr         = "New York, NY, USA")
@String(springer_b      = "Springer-Verlag Berlin Heidelberg")
@String(springer_b_adr  = "Munich, Germany")
@String(springer_ny     = "Springer-Verlag New York, Inc.")
@String(springer_ny_adr = "New York, NY, USA")
@String(oreilly         = "O'Reilly Media, Inc.")
@String(oreilly_adr     = "Sebastopol, CA, USA")
@String(apress          = "Apress")
@String(apress_adr      = "Berkeley, CA, USA")
@String(mit             = "The MIT Press")
@String(mit_adr         = "Cambridge, MA, USA")
@String(ieee_ca         = "IEEE Computer Society Press")
@String(ieee_ca_adr     = "Los Alamitos, CA, USA")
@String(ieee_nj         = "IEEE Educational Activities Department")
@String(ieee_nj_adr     = "Piscataway, NJ, USA")
@String(ieee_dc         = "IEEE Computer Society")
@String(ieee_dc_adr     = "Washington, DC, USA")
@String(sage_inc        = "Sage Publications, Inc.")
@String(sage_inc_adr    = "Thousand Oaks, CA, USA")
@String(sage_ltd        = "Sage Publications Ltd.")
@String(sage_ltd_adr    = "London, UK")
@String(siam        	= "Society for Industrial and Applied Mathematics")
@String(siam_adr    	= "Philadelphia, PA, USA")
@String(elsevier        = "Elsevier Science Publishers B. V.")
@String(elsevier_adr    = "Amsterdam, The Netherlands")
@String(graphics        = "Graphics Press LLC")
@String(graphics_adr    = "Cheshire, CT, USA")


 


